@inproceedings{verbeek2007region,
  title={Region classification with markov field aspect models},
  author={Verbeek, Jakob and Triggs, Bill},
  booktitle={Computer Vision and Pattern Recognition, 2007. CVPR'07. IEEE Conference on},
  pages={1--8},
  year={2007},
  organization={IEEE}
}

@inproceedings{hofmann1999probabilistic,
  title={Probabilistic latent semantic indexing},
  author={Hofmann, Thomas},
  booktitle={Proceedings of the 22nd annual international ACM SIGIR conference on Research and development in information retrieval},
  pages={50--57},
  year={1999},
  organization={ACM}
}

@inproceedings{vezhnevets2010towards,
  title={Towards weakly supervised semantic segmentation by means of multiple instance and multitask learning},
  author={Vezhnevets, Alexander and Buhmann, Joachim M},
  booktitle={Computer Vision and Pattern Recognition (CVPR), 2010 IEEE Conference on},
  pages={3249--3256},
  year={2010},
  organization={IEEE}
}

@inproceedings{vezhnevets2011weakly,
  title={Weakly supervised semantic segmentation with a multi-image model},
  author={Vezhnevets, Alexander and Ferrari, Vittorio and Buhmann, Joachim M},
  booktitle={Computer Vision (ICCV), 2011 IEEE International Conference on},
  pages={643--650},
  year={2011},
  organization={IEEE}
}

@inproceedings{vezhnevets2012weakly,
  title={Weakly supervised structured output learning for semantic segmentation},
  author={Vezhnevets, Alexander and Ferrari, Vittorio and Buhmann, Joachim M},
  booktitle={Computer Vision and Pattern Recognition (CVPR), 2012 IEEE Conference on},
  pages={845--852},
  year={2012},
  organization={IEEE}
}

@article{xu2014tell,
  title={Tell me what you see and i will show you where it is},
  author={Xu, Jia and Schwing, Alexander G and Urtasun, Raquel},
  journal={interpretation},
  volume={34},
  pages={12},
  year={2014}
}

@inproceedings{shotton2008semantic,
  title={Semantic texton forests for image categorization and segmentation},
  author={Shotton, Jamie and Johnson, Matthew and Cipolla, Roberto},
  booktitle={Computer vision and pattern recognition, 2008. CVPR 2008. IEEE Conference on},
  pages={1--8},
  year={2008},
  organization={IEEE}
}

@inproceedings{liu2013weakly,
  title={Weakly-Supervised Dual Clustering for Image Semantic Segmentation},
  author={Liu, Yang and Liu, Jing and Li, Zechao and Tang, Jinhui and Lu, Hanqing},
  booktitle={Computer Vision and Pattern Recognition (CVPR), 2013 IEEE Conference on},
  pages={2075--2082},
  year={2013},
  organization={IEEE}
}

@article{lu2014can,
  title={Can Image-Level Labels Replace Pixel-Level Labels for Image Parsing},
  author={Lu, Zhiwu and Wang, Liwei},
  journal={arXiv preprint arXiv:1403.1626},
  year={2014}
}

@article{zhou2004learning,
  title={Learning with local and global consistency},
  author={Zhou, Dengyong and Bousquet, Olivier and Lal, Thomas Navin and Weston, Jason and Sch{\"o}lkopf, Bernhard},
  journal={Advances in neural information processing systems},
  volume={16},
  number={16},
  pages={321--328},
  year={2004}
}

@inproceedings{zhang2013sparse,
  title={Sparse reconstruction for weakly supervised semantic segmentation},
  author={Zhang, Ke and Zhang, Wei and Zheng, Yingbin and Xue, Xiangyang},
  booktitle={Proceedings of the Twenty-Third international joint conference on Artificial Intelligence},
  pages={1889--1895},
  year={2013},
  organization={AAAI Press}
}

@inproceedings{cinbis2014multi,
  title={Multi-fold MIL Training for Weakly Supervised Object Localization},
  author={Cinbis, Ramazan Gokberk and Verbeek, Jakob and Schmid, Cordelia and others},
  booktitle={CVPR 2014-IEEE Conference on Computer Vision \& Pattern Recognition},
  year={2014}
}

@incollection{russakovsky2012object,
  title={Object-centric spatial pooling for image classification},
  author={Russakovsky, Olga and Lin, Yuanqing and Yu, Kai and Fei-Fei, Li},
  booktitle={Computer Vision--ECCV 2012},
  pages={1--15},
  year={2012},
  publisher={Springer}
}

@inproceedings{song2014learning,
  title={On learning to localize objects with minimal supervision},
  author={Song, Hyun Oh and Girshick, Ross and Jegelka, Stefanie and Mairal, Julien and Harchaoui, Zaid and Darrell, Trevor and others},
  booktitle={ICML-31st International Conference on Machine Learning},
  volume={32},
  year={2014}
}

@article{hoffmanlarge,
  title={From Large-Scale Object Classifiers to Large-Scale Object Detectors: An Adaptation Approach},
  author={Hoffman, Judy and Guadarrama, Sergio and Tzeng, Eric and EECS, UC and Donahue, Jeff and Girshick, Ross and Darrell, Trevor and Saenko, Kate}
}

@inproceedings{lu2011salient,
  title={Salient object detection using concavity context},
  author={Lu, Yao and Zhang, Wei and Lu, Hong and Xue, Xiangyang},
  booktitle={Computer Vision (ICCV), 2011 IEEE International Conference on},
  pages={233--240},
  year={2011},
  organization={IEEE}
}

@inproceedings{lu2012learning,
  title={Learning attention map from images},
  author={Lu, Yao and Zhang, Wei and Jin, Cheng and Xue, Xiangyang},
  booktitle={Computer Vision and Pattern Recognition (CVPR), 2012 IEEE Conference on},
  pages={1067--1074},
  year={2012},
  organization={IEEE}
}

@inproceedings{arbelaez2014multiscale,
  author = {Arbel\'{a}ez, P. and Pont-Tuset, J. and Barron, J. and Marques, F. and Malik, J.},
  title = {Multiscale Combinatorial Grouping},
  booktitle = {Computer Vision and Pattern Recognition},
  year = {2014}
}

@article{girshick2013rich,
  title={Rich feature hierarchies for accurate object detection and semantic segmentation},
  author={Girshick, Ross and Donahue, Jeff and Darrell, Trevor and Malik, Jitendra},
  journal={arXiv preprint arXiv:1311.2524},
  year={2013}
}

@inproceedings{krizhevsky2012imagenet,
  title={Imagenet classification with deep convolutional neural networks},
  author={Krizhevsky, Alex and Sutskever, Ilya and Hinton, Geoffrey E},
  booktitle={Advances in neural information processing systems},
  pages={1097--1105},
  year={2012}
}

@inproceedings{deng2009imagenet,
  title={Imagenet: A large-scale hierarchical image database},
  author={Deng, Jia and Dong, Wei and Socher, Richard and Li, Li-Jia and Li, Kai and Fei-Fei, Li},
  booktitle={Computer Vision and Pattern Recognition, 2009. CVPR 2009. IEEE Conference on},
  pages={248--255},
  year={2009},
  organization={IEEE}
}

@article{dinits1970algorithm,
  title={ALGORITHM OF SOLUTION TO PROBLEM OF MAXIMUM FLOW IN NETWORK WITH POWER ESTIMATES},
  author={Dinits, EA},
  journal={Doklady Akademii Nauk SSSR},
  volume={194},
  number={4},
  pages={754},
  year={1970},
  publisher={MEZHDUNARODNAYA KNIGA 39 DIMITROVA UL., 113095 MOSCOW, RUSSIA}
}

@article{boykov2001fast,
  title={Fast approximate energy minimization via graph cuts},
  author={Boykov, Yuri and Veksler, Olga and Zabih, Ramin},
  journal={Pattern Analysis and Machine Intelligence, IEEE Transactions on},
  volume={23},
  number={11},
  pages={1222--1239},
  year={2001},
  publisher={IEEE}
}

@article{kolmogorov2004energy,
  title={What energy functions can be minimized via graph cuts?},
  author={Kolmogorov, Vladimir and Zabin, Ramin},
  journal={Pattern Analysis and Machine Intelligence, IEEE Transactions on},
  volume={26},
  number={2},
  pages={147--159},
  year={2004},
  publisher={IEEE}
}
